<record><leader>00000cas a22000007a 4500</leader><controlfield tag="001">30575947</controlfield><controlfield tag="008">940609c19749999sduwr ne      0   a0eng c</controlfield><datafield ind1=" " ind2=" " tag="010"><subfield code="a">sn 94050911 </subfield></datafield><datafield ind1=" " ind2=" " tag="040"><subfield code="a">ANU</subfield><subfield code="b">eng</subfield><subfield code="c">ANU</subfield><subfield code="d">CNK</subfield><subfield code="d">NSD</subfield><subfield code="d">SXN</subfield><subfield code="d">OCLCQ</subfield><subfield code="d">DLC</subfield><subfield code="d">OCLCQ</subfield><subfield code="d">OCLCF</subfield><subfield code="d">OCLCO</subfield></datafield><datafield ind1=" " ind2=" " tag="012"><subfield code="m">1</subfield></datafield><datafield ind1="1" ind2=" " tag="022"><subfield code="a">1085-4045</subfield><subfield code="l">1085-4045</subfield><subfield code="2">1</subfield></datafield><datafield ind1="1" ind2=" " tag="029"><subfield code="a">AU@</subfield><subfield code="b">000025857867</subfield></datafield><datafield ind1=" " ind2=" " tag="032"><subfield code="a">338240</subfield><subfield code="b">USPS</subfield></datafield><datafield ind1=" " ind2=" " tag="042"><subfield code="a">nsdp</subfield><subfield code="a">pcc</subfield></datafield><datafield ind1=" " ind2=" " tag="043"><subfield code="a">n-us-sd</subfield></datafield><datafield ind1="0" ind2=" " tag="130"><subfield code="a">Mellette County news (White River, S.D. : 1974)</subfield></datafield><datafield ind1=" " ind2="4" tag="222"><subfield code="a">The Mellette County news</subfield><subfield code="b">(White River, S.D. : 1974)</subfield></datafield><datafield ind1="1" ind2="4" tag="245"><subfield code="a">The Mellette County news.</subfield></datafield><datafield ind1="3" ind2="0" tag="246"><subfield code="a">Mellette County news and the Todd County tribune</subfield></datafield><datafield ind1=" " ind2=" " tag="260"><subfield code="a">White River, Mellette County, S.D. :</subfield><subfield code="b">Figert Print.</subfield></datafield><datafield ind1=" " ind2=" " tag="300"><subfield code="a">v.</subfield></datafield><datafield ind1=" " ind2=" " tag="310"><subfield code="a">Weekly</subfield></datafield><datafield ind1="0" ind2=" " tag="362"><subfield code="a">Vol. 55, no. 1 (Oct. 24, 1974)-</subfield></datafield><datafield ind1=" " ind2=" " tag="500"><subfield code="a">Published by Figert Print., Mission, S.D.</subfield></datafield><datafield ind1=" " ind2=" " tag="500"><subfield code="a">Similar in content to: Todd County tribune (Mission, S.D. : 1974), also published by Figert.</subfield></datafield><datafield ind1=" " ind2=" " tag="515"><subfield code="a">Issues published Feb. 8, 1989- called edition instead of number.</subfield></datafield><datafield ind1=" " ind2=" " tag="530"><subfield code="a">Available on microfilm from: State Archives, South Dakota State Historical Society.</subfield></datafield><datafield ind1=" " ind2=" " tag="588"><subfield code="a">Latest issue consulted: Vol. 76 (Oct. 4, 1995).</subfield></datafield><datafield ind1="2" ind2="0" tag="610"><subfield code="a">Rosebud Sioux Tribe.</subfield></datafield><datafield ind1=" " ind2="0" tag="650"><subfield code="a">Dakota Indians</subfield><subfield code="z">South Dakota</subfield><subfield code="v">Newspapers.</subfield></datafield><datafield ind1=" " ind2="0" tag="651"><subfield code="a">White River (S.D.)</subfield><subfield code="v">Newspapers.</subfield></datafield><datafield ind1=" " ind2="0" tag="651"><subfield code="a">Mellette County (S.D.)</subfield><subfield code="v">Newspapers.</subfield></datafield><datafield ind1=" " ind2="0" tag="651"><subfield code="a">Mission (S.D.)</subfield><subfield code="v">Newspapers.</subfield></datafield><datafield ind1=" " ind2="0" tag="651"><subfield code="a">Todd County (S.D.)</subfield><subfield code="v">Newspapers.</subfield></datafield><datafield ind1=" " ind2="0" tag="651"><subfield code="a">Rosebud Indian Reservation (S.D.)</subfield><subfield code="v">Newspapers.</subfield></datafield><datafield ind1=" " ind2="7" tag="655"><subfield code="a">Newspapers.</subfield><subfield code="2">fast</subfield><subfield code="0">(OCoLC)fst01423814</subfield></datafield><datafield ind1="2" ind2="7" tag="610"><subfield code="a">Rosebud Sioux Tribe of the Rosebud Indian Reservation.</subfield><subfield code="2">fast</subfield><subfield code="0">(OCoLC)fst01725071</subfield></datafield><datafield ind1=" " ind2="7" tag="650"><subfield code="a">Dakota Indians.</subfield><subfield code="2">fast</subfield><subfield code="0">(OCoLC)fst00887107</subfield></datafield><datafield ind1=" " ind2="7" tag="651"><subfield code="a">South Dakota.</subfield><subfield code="2">fast</subfield><subfield code="0">(OCoLC)fst01204322</subfield></datafield><datafield ind1=" " ind2="7" tag="651"><subfield code="a">South Dakota</subfield><subfield code="z">Mellette County.</subfield><subfield code="2">fast</subfield><subfield code="0">(OCoLC)fst01212331</subfield></datafield><datafield ind1=" " ind2="7" tag="651"><subfield code="a">South Dakota</subfield><subfield code="z">Mission.</subfield><subfield code="2">fast</subfield><subfield code="0">(OCoLC)fst01260858</subfield></datafield><datafield ind1=" " ind2="7" tag="651"><subfield code="a">South Dakota</subfield><subfield code="z">Rosebud Indian Reservation.</subfield><subfield code="2">fast</subfield><subfield code="0">(OCoLC)fst01241612</subfield></datafield><datafield ind1=" " ind2="7" tag="651"><subfield code="a">South Dakota</subfield><subfield code="z">Todd County.</subfield><subfield code="2">fast</subfield><subfield code="0">(OCoLC)fst01213870</subfield></datafield><datafield ind1=" " ind2="7" tag="651"><subfield code="a">South Dakota</subfield><subfield code="z">White River.</subfield><subfield code="2">fast</subfield><subfield code="0">(OCoLC)fst01288137</subfield></datafield><datafield ind1="0" ind2=" " tag="730"><subfield code="a">Todd County tribune (Mission, S.D. : 1974)</subfield></datafield><datafield ind1=" " ind2=" " tag="752"><subfield code="a">United States</subfield><subfield code="b">South Dakota</subfield><subfield code="c">Todd</subfield><subfield code="d">Mission.</subfield></datafield><datafield ind1=" " ind2=" " tag="752"><subfield code="a">United States</subfield><subfield code="b">South Dakota</subfield><subfield code="c">Mellette</subfield><subfield code="d">White River.</subfield></datafield><datafield ind1="0" ind2="0" tag="780"><subfield code="t">Mellette County news and eyapaha</subfield><subfield code="w">(DLC)sn 96090218</subfield></datafield></record>